@Book{newton,
  author = 	 {Sir Isaac Newton},
  ALTeditor = 	 {},
  title = 	 {Philosophiae naturalis principia mathematica},
  publisher = 	 {},
  year = 	 {1678},
  OPTkey = 	 {},
  OPTvolume = 	 {},
  OPTnumber = 	 {},
  OPTseries = 	 {},
  OPTaddress = 	 {},
  OPTedition = 	 {},
  OPTmonth = 	 {},
  OPTnote = 	 {},
  OPTannote = 	 {}
}

