@article{chandola2007outlier,
  title={Outlier detection: A survey},
  author={Chandola, Varun and Banerjee, Arindam and Kumar, Vipin},
  journal={ACM Computing Surveys},
  year={2007}
}

@article{zimek2012survey,
  title={A survey on unsupervised outlier detection in high-dimensional numerical data},
  author={Zimek, Arthur and Schubert, Erich and Kriegel, Hans-Peter},
  journal={Statistical Analysis and Data Mining: The ASA Data Science Journal},
  volume={5},
  number={5},
  pages={363--387},
  year={2012},
  publisher={Wiley Online Library}
}

@incollection{ben2005outlier,
  title={Outlier detection},
  author={Ben-Gal, Irad},
  booktitle={Data Mining and Knowledge Discovery Handbook},
  pages={131--146},
  year={2005},
  publisher={Springer}
}

@inproceedings{aggar2001,
  title={Outlier detection for high dimensional data},
  author={Aggarwal, Charu C and Yu, Philip S},
  booktitle={ACM Sigmod Record},
  volume={30},
  number={2},
  pages={37--46},
  year={2001},
  organization={ACM}
}



@incollection{angiulli2002fast,
  title={Fast outlier detection in high dimensional spaces},
  author={Angiulli, Fabrizio and Pizzuti, Clara},
  booktitle={Principles of data mining and knowledge discovery},
  pages={15--27},
  year={2002},
  publisher={Springer}
}

@inproceedings{breunig2000lof,
  title={LOF: identifying density-based local outliers},
  author={Breunig, Markus M and Kriegel, Hans-Peter and Ng, Raymond T and Sander, J{\"o}rg},
  booktitle={ACM sigmod record},
  volume={29},
  number={2},
  pages={93--104},
  year={2000},
  organization={ACM}
}